<?xml version="1.0" encoding="utf-8"?>
<record xmlns="http://www.loc.gov/MARC21/slim" xmlns:xsi="http://www.w3.org/2001/XMLSchema-instance" xsi:schemaLocation="http://www.loc.gov/MARC21/slim http://www.loc.gov/standards/marcxml/schema/MARC21slim.xsd">
	<leader>     nam a22     Mi 4500</leader>
	<controlfield tag="001">3072138</controlfield>
	<controlfield tag="003">NNC</controlfield>
	<controlfield tag="006">m        d        </controlfield>
	<controlfield tag="007">cr cn |||m|||a</controlfield>
	<controlfield tag="008">190509m18471851ae      o     000 0 ara d</controlfield>
	<datafield ind1=" " ind2=" " tag="040">
		<subfield code="a">ZYU</subfield>
		<subfield code="b">ara</subfield>
		<subfield code="e">rda</subfield>
		<subfield code="c">ZYU</subfield>
	</datafield>
	<datafield ind1="0" ind2=" " tag="041">
		<subfield code="a">ara</subfield>
		<subfield code="a">fre</subfield>
	</datafield>
	<datafield ind1=" " ind2=" " tag="043">
		<subfield code="a">ff-----</subfield>
	</datafield>
	<datafield ind1=" " ind2="4" tag="050">
		<subfield code="a">DT199</subfield>
		<subfield code="b">.I2 1847</subfield>
	</datafield>
	<datafield ind1="0" ind2="4" tag="082">
		<subfield code="a">961</subfield>
		<subfield code="b">Ib55s</subfield>
	</datafield>
	<datafield ind1="0" ind2=" " tag="100">
		<subfield code="6">880-01</subfield>
		<subfield code="a">Ibn Khaldūn,</subfield>
		<subfield code="d">1332-1406.</subfield>
	</datafield>
	<datafield ind1="1" ind2="0" tag="240">
		<subfield code="6">880-02</subfield>
		<subfield code="a">Kitāb al-ʻibar.</subfield>
		<subfield code="k">Selections</subfield>
	</datafield>
	<datafield ind1="1" ind2="0" tag="245">
		<subfield code="6">880-03</subfield>
		<subfield code="a">Kitāb tārı̄kh al-duwal al-Islāmiyah bi-al-Maghrib wa-huwa al-qism al-ākhir min al-tārīkh al-kabı̄r al-musammā Kitāb al-ʻibar wa-dı̄wān al-mubtadāʼ wa-al-khabar fī ayyām al-ʻArab wa-al-ʻajam wa-al-Barbar /</subfield>
		<subfield code="c">li-Ābı̄ Zayd ʻAbd al-Raḥmān ibn Muḥammad ibn Muḥammad ibn Muḥammad ibn Khaldūn ; wa-qad iʻtanā bi-izālat al-ghalaṭāt ʻan naṣṣihi wa-bi-taṣḥīihi wa-al-naẓar fī ṭabʻihi al-Barūn Dislān.</subfield>
	</datafield>
	<datafield ind1="1" ind2="5" tag="246">
		<subfield code="a">Histoire des berbères et des dynasties musulmanes de l'Afrique septentrionale</subfield>
	</datafield>
	<datafield ind1=" " ind2=" " tag="260">
		<subfield code="6">880-04</subfield>
		<subfield code="a">Jazāʼir al-Maghrib :</subfield>
		<subfield code="b">Dār al-Ṭibāʻah al-Sulṭānı̄yah,</subfield>
		<subfield code="c">1847-1851.</subfield>
	</datafield>
	<datafield ind1=" " ind2=" " tag="300">
		<subfield code="a">online resource (2 volumes)</subfield>
	</datafield>
	<datafield ind1=" " ind2=" " tag="336">
		<subfield code="a">text</subfield>
		<subfield code="2">rdacontent</subfield>
	</datafield>
	<datafield ind1=" " ind2=" " tag="337">
		<subfield code="a">computer</subfield>
		<subfield code="2">rdamedia</subfield>
	</datafield>
	<datafield ind1=" " ind2=" " tag="338">
		<subfield code="a">online resource</subfield>
		<subfield code="2">rdacarrier</subfield>
	</datafield>
	<datafield ind1=" " ind2=" " tag="500">
		<subfield code="a">Part of the Arabic Collections Online (ACO) project, contributed by Columbia University Libraries.</subfield>
	</datafield>
	<datafield ind1=" " ind2=" " tag="533">
		<subfield code="a">Electronic reproduction.</subfield>
		<subfield code="b">New York, N.Y. :</subfield>
		<subfield code="c">New York University,</subfield>
		<subfield code="d">2019.</subfield>
		<subfield code="5">NNU</subfield>
	</datafield>
	<datafield ind1=" " ind2="0" tag="651">
		<subfield code="a">Africa, North</subfield>
		<subfield code="x">History</subfield>
		<subfield code="y">647-1517.</subfield>
	</datafield>
	<datafield ind1=" " ind2="7" tag="651">
		<subfield code="a">Africa, North.</subfield>
		<subfield code="2">fast</subfield>
		<subfield code="0">(OCoLC)fst01239515</subfield>
	</datafield>
	<datafield ind1=" " ind2="7" tag="648">
		<subfield code="a">647-1517</subfield>
		<subfield code="2">fast</subfield>
	</datafield>
	<datafield ind1=" " ind2="7" tag="655">
		<subfield code="a">History.</subfield>
		<subfield code="2">fast</subfield>
		<subfield code="0">(OCoLC)fst01411628</subfield>
	</datafield>
	<datafield ind1="1" ind2=" " tag="700">
		<subfield code="a">Slane, William MacGuckin,</subfield>
		<subfield code="c">baron de,</subfield>
		<subfield code="d">1801-1878.</subfield>
	</datafield>
	<datafield ind1="1" ind2=" " tag="710">
		<subfield code="a">France.</subfield>
		<subfield code="b">Ministère de la guerre.</subfield>
	</datafield>
	<datafield ind1="2" ind2=" " tag="710">
		<subfield code="a">Columbia University.</subfield>
		<subfield code="b">Libraries.</subfield>
	</datafield>
	<datafield ind1="0" ind2=" " tag="730">
		<subfield code="a">Arabic Collections Online.</subfield>
	</datafield>
	<datafield ind1="0" ind2="8" tag="776">
		<subfield code="i">Online version:</subfield>
		<subfield code="a">Ibn Khaldūn, 1332-1406.</subfield>
		<subfield code="t">Histoire des Berbères et des dynasties musulmanes de l'Afrique Septentrionale par Abou-Zeid Abd-er-Rahman ibn-Mohammed ibn Khaldoun.</subfield>
		<subfield code="d">Alger, Imprimerie du gouvernement, 1847-1851</subfield>
		<subfield code="w">(OCoLC)937446216</subfield>
	</datafield>
	<datafield ind1="0" ind2="8" tag="776">
		<subfield code="i">Print version:</subfield>
		<subfield code="a">Ibn Khaldūn, 1332-1406.</subfield>
		<subfield code="t">Kitāb tārı̄kh al-duwal al-Islāmiyah bi-al-Maghrib wa-huwa al-qism al-ākhir min al-tārīkh al-kabı̄r al-musammā Kitāb al-ʻibar wa-dı̄wān al-mubtadāʼ wa-al-khabar fī ayyām al-ʻArab wa-al-ʻajam wa-al-Barbar</subfield>
		<subfield code="w">(NNC)3072138</subfield>
		<subfield code="w">(OCoLC)6993068</subfield>
	</datafield>
	<datafield ind1="4" ind2="1" tag="856">
		<subfield code="3">Internet Archive, UNC Chapel Hill copy, t.1</subfield>
		<subfield code="u">https://archive.org/details/histoiredesberbe01ibnk</subfield>
	</datafield>
	<datafield ind1="4" ind2="1" tag="856">
		<subfield code="3">Internet Archive, UNC Chapel Hill copy, t.2</subfield>
		<subfield code="u">https://archive.org/details/histoiredesberbe02ibnk</subfield>
	</datafield>
	<datafield ind1="4" ind2="0" tag="856">
		<subfield code="u">http://hdl.handle.net/2333.1/fbg79mzk</subfield>
	</datafield>
	<datafield ind1="0" ind2=" " tag="880">
		<subfield code="6">100-01</subfield>
		<subfield code="a">ابن خلدون،</subfield>
		<subfield code="d">1332-1406.</subfield>
	</datafield>
	<datafield ind1="1" ind2="0" tag="880">
		<subfield code="6">240-02</subfield>
		<subfield code="a">كتاب العبر.</subfield>
		<subfield code="k">مختارات</subfield>
	</datafield>
	<datafield ind1="1" ind2="0" tag="880">
		<subfield code="6">245-03</subfield>
		<subfield code="a">كتاب تار¸يخ الدول الاسلامية بالمغرب وهو القسم الاخر من التاريخ الكبير المسمى كتاب العبر وديوان المبتداء والخبر في ايام العرب والعجم والبربر /</subfield>
		<subfield code="c">لابي زيد عبد الرحمن بن محمد بن محمد بن محمد بن خلدون ؛ وقد اعتنى بازالة الغلطات عن نصه وبتصحيه والنظر في طبعه البرون دسلان.</subfield>
	</datafield>
	<datafield ind1=" " ind2=" " tag="880">
		<subfield code="6">260-04</subfield>
		<subfield code="a">جزائر المغرب :</subfield>
		<subfield code="b">دار الطباعة السلطانية،</subfield>
		<subfield code="c">1847-1851.</subfield>
	</datafield>
	<datafield ind1=" " ind2=" " tag="959">
		<subfield code="a">NNU</subfield>
		<subfield code="b">WEB</subfield>
		<subfield code="c">GENI</subfield>
		<subfield code="t">0</subfield>
		<subfield code="m">Electronic access</subfield>
		<subfield code="s">01</subfield>
	</datafield>
	<datafield ind1=" " ind2=" " tag="999">
		<subfield code="i">NNC_3072138</subfield>
		<subfield code="o">(OCoLC)ocm06993068</subfield>
		<subfield code="s">columbia_aco003555:v.1</subfield>
		<subfield code="s">columbia_aco003556:v.2</subfield>
		<subfield code="e">(ERROR-880)</subfield>
		<subfield code="s">columbia_aco003555:v.1</subfield>
		<subfield code="s">columbia_aco003556:v.2</subfield>
	</datafield>
</record>
